<?xml version="1.0" encoding="UTF-8"?><collection xmlns="http://www.loc.gov/MARC21/slim"><record><leader>00506nam--2200145-i-4500</leader><controlfield tag="001">000033137</controlfield><controlfield tag="002">20161230</controlfield><controlfield tag="005">20161230201039</controlfield><controlfield tag="008">060222s1000------------r-----000-0-eng-d</controlfield><datafield ind1=" " ind2=" " tag="080"><subfield code="a">62-52</subfield></datafield><datafield ind1=" " ind2=" " tag="100"><subfield code="a">Moga, I., Serban, S</subfield></datafield><datafield ind1=" " ind2=" " tag="245"><subfield code="a">O metoda algebrica simpla de determinare a limitei de stabilitate pentru sisteme liniare de reglare automata</subfield></datafield><datafield ind1=" " ind2=" " tag="260"><subfield code="a">Bucuresti, Cons.Nat.Al Inginerilor Si Tehnicienilor, 1969, 10p</subfield></datafield><datafield ind1=" " ind2=" " tag="490"><subfield code="a">A Doua Conferinta A Electricienilor.V. Sectia Automatica</subfield></datafield><datafield ind1=" " ind2=" " tag="852"><subfield code="a">31647</subfield></datafield></record></collection>